@article {GaPaVi,
    AUTHOR = {Gamba, I. M. and Panferov, V. and Villani, C.},
     TITLE = {Upper {M}axwellian bounds for the spatially homogeneous {B}oltzmann equation},
   JOURNAL = {Arch. Ration. Mech. Anal.},
  FJOURNAL = {Archive for Rational Mechanics and Analysis},
    VOLUME = {194},
      YEAR = {2009},
    NUMBER = {1},
     PAGES = {253--282},
      ISSN = {0003-9527},
   MRCLASS = {35Q20 (76P05 82C40)},
  MRNUMBER = {2533928},
MRREVIEWER = {Matthias Geissert},
       DOI = {10.1007/s00205-009-0250-9},
       URL = {https://doi.org/10.1007/s00205-009-0250-9},
}

@article {We,
    AUTHOR = {Wennberg, B.},
     TITLE = {Stability and exponential convergence for the {B}oltzmann equation},
   JOURNAL = {Arch. Rational Mech. Anal.},
  FJOURNAL = {Archive for Rational Mechanics and Analysis},
    VOLUME = {130},
      YEAR = {1995},
    NUMBER = {2},
     PAGES = {103--144},
      ISSN = {0003-9527},
   MRCLASS = {82C40 (35Q99 45K05 76P05)},
  MRNUMBER = {1338453},
MRREVIEWER = {Luisa Arlotti},
       DOI = {10.1007/BF00375152},
       URL = {https://doi.org/10.1007/BF00375152},
}

@article {MoVi,
    AUTHOR = {Mouhot, C. and Villani, C.},
     TITLE = {Regularity theory for the spatially homogeneous {B}oltzmann equation with cut-off},
   JOURNAL = {Arch. Ration. Mech. Anal.},
  FJOURNAL = {Archive for Rational Mechanics and Analysis},
    VOLUME = {173},
      YEAR = {2004},
    NUMBER = {2},
     PAGES = {169--212},
      ISSN = {0003-9527},
   MRCLASS = {82C40 (35B65 35F25 45K05 76P05)},
  MRNUMBER = {2081030},
MRREVIEWER = {Xuguang Lu},
       DOI = {10.1007/s00205-004-0316-7},
       URL = {https://doi.org/10.1007/s00205-004-0316-7},
}

@article {LeVa,
    AUTHOR = {Leger, N. and Vasseur, A.},
     TITLE = {Relative entropy and the stability of shocks and contact discontinuities for systems of conservation laws with non-{BV} perturbations},
   JOURNAL = {Arch. Ration. Mech. Anal.},
  FJOURNAL = {Archive for Rational Mechanics and Analysis},
    VOLUME = {201},
      YEAR = {2011},
    NUMBER = {1},
     PAGES = {271--302},
      ISSN = {0003-9527},
   MRCLASS = {35L65 (35A02 35B35 35D30 35L67 35Q31 76L05)},
  MRNUMBER = {2807139},
MRREVIEWER = {Ramon G. Plaza},
       DOI = {10.1007/s00205-011-0431-1},
       URL = {https://doi.org/10.1007/s00205-011-0431-1},
}

@article {IlOl,
    AUTHOR = {Ilyin, A. M. and Ole\u{\i}nik, O. A.},
     TITLE = {Asymptotic behavior of solutions of the {C}auchy problem for some quasi-linear equations for large values of the time},
   JOURNAL = {Mat. Sb. (N.S.)},
    VOLUME = {51 (93)},
      YEAR = {1960},
     PAGES = {191--216},
   MRCLASS = {35.00},
  MRNUMBER = {0120469},
MRREVIEWER = {L. Garding},
}

@article {Kr.entropy,
    AUTHOR = {Kru\v{z}kov, S. N.},
     TITLE = {First order quasilinear equations with several independent variables },
   JOURNAL = {Mat. Sb. (N.S.)},
    VOLUME = {81 (123)},
      YEAR = {1970},
     PAGES = {228--255},
   MRCLASS = {35.37},
  MRNUMBER = {0267257},
MRREVIEWER = {Z. Ziele\'{z}ny},
}

@article {FrSe,
    AUTHOR = {Freist\"{u}hler, H. and Serre, D.},
     TITLE = {{$L^1$} stability of shock waves in scalar viscous conservation laws},
   JOURNAL = {Comm. Pure Appl. Math.},
  FJOURNAL = {Communications on Pure and Applied Mathematics},
    VOLUME = {51},
      YEAR = {1998},
    NUMBER = {3},
     PAGES = {291--301},
      ISSN = {0010-3640},
   MRCLASS = {35L67 (35B35)},
  MRNUMBER = {1488516},
MRREVIEWER = {Christophe Cheverry},
       DOI = {10.1002/(SICI)1097-0312(199803)51:3<291::AID-CPA4>3.3.CO;2-S},
       URL = {https://doi.org/10.1002/(SICI)1097-0312(199803)51:3<291::AID-CPA4>3.3.CO;2-S},
}

@article {Le,
    AUTHOR = {Leger, N.},
     TITLE = {{$L^2$} stability estimates for shock solutions of scalar conservation laws using the relative entropy method},
   JOURNAL = {Arch. Ration. Mech. Anal.},
  FJOURNAL = {Archive for Rational Mechanics and Analysis},
    VOLUME = {199},
      YEAR = {2011},
    NUMBER = {3},
     PAGES = {761--778},
      ISSN = {0003-9527},
   MRCLASS = {35L65 (35B35 35L67 74J40 76L05)},
  MRNUMBER = {2771666},
MRREVIEWER = {Marta Lewicka},
       DOI = {10.1007/s00205-010-0341-7},
       URL = {https://doi.org/10.1007/s00205-010-0341-7},
}

@incollection {SeVa,
    AUTHOR = {Serre, D. and Vasseur, A.},
     TITLE = {About the relative entropy method for hyperbolic systems of conservation laws},
 BOOKTITLE = {A panorama of mathematics: pure and applied},
    SERIES = {Contemp. Math.},
    VOLUME = {658},
     PAGES = {237--248},
 PUBLISHER = {Amer. Math. Soc., Providence, RI},
      YEAR = {2016},
   MRCLASS = {35L65 (35L67)},
  MRNUMBER = {3475284},
MRREVIEWER = {Stefano Bianchini},
       DOI = {10.1090/conm/658/13123},
       URL = {https://doi.org/10.1090/conm/658/13123},
}

@article {Di,
    AUTHOR = {DiPerna, R. J.},
     TITLE = {Uniqueness of solutions to hyperbolic conservation laws},
   JOURNAL = {Indiana Univ. Math. J.},
  FJOURNAL = {Indiana University Mathematics Journal},
    VOLUME = {28},
      YEAR = {1979},
    NUMBER = {1},
     PAGES = {137--188},
      ISSN = {0022-2518},
   MRCLASS = {35L65},
  MRNUMBER = {523630},
MRREVIEWER = {V. \v{D}urikovi\v{c}},
       DOI = {10.1512/iumj.1979.28.28011},
       URL = {https://doi.org/10.1512/iumj.1979.28.28011},
}

@incollection {Da,
    AUTHOR = {Dafermos, C. M.},
     TITLE = {Entropy and the stability of classical solutions of hyperbolic systems of conservation laws},
 BOOKTITLE = {Recent mathematical methods in nonlinear wave propagation ({M}ontecatini {T}erme, 1994)},
    SERIES = {Lecture Notes in Math.},
    VOLUME = {1640},
     PAGES = {48--69},
 PUBLISHER = {Springer, Berlin},
      YEAR = {1996},
   MRCLASS = {35L65 (35B35)},
  MRNUMBER = {1600904},
MRREVIEWER = {Hermano Frid},
       DOI = {10.1007/BFb0093706},
       URL = {https://doi.org/10.1007/BFb0093706},
}

@article {StVa.sqg,
	AUTHOR = {Stokols, Logan F. and Vasseur, Alexis F.},
	TITLE = {H\"{o}lder Regularity up to the Boundary for Critical {SQG} on Bounded Domains},
	JOURNAL = {Arch. Ration. Mech. Anal.},
	FJOURNAL = {Archive for Rational Mechanics and Analysis},
	VOLUME = {236},
	YEAR = {2020},
	NUMBER = {3},
	PAGES = {1543--1591},
	ISSN = {0003-9527},
	MRCLASS = {35Q86 (35B65 86A05 86A10)},
	MRNUMBER = {4076071},
	DOI = {10.1007/s00205-020-01498-3},
}

@article {St.shocks,
	author = {Stokols, L. F.},
	title = {{$L^2$}-type Contraction of Viscous Shocks for Large Family of Scalar Conservation Laws},
	year = {2019},
	journal = {preprint},
	pages = {arXiv:1911.12526},
}

@article {Si,
    AUTHOR = {Silvestre, L.},
     TITLE = {A new regularization mechanism for the {B}oltzmann equation without cut-off},
   JOURNAL = {Comm. Math. Phys.},
  FJOURNAL = {Communications in Mathematical Physics},
    VOLUME = {348},
      YEAR = {2016},
    NUMBER = {1},
     PAGES = {69--100},
      ISSN = {0010-3616},
   MRCLASS = {45K05 (35B65 35Q20)},
  MRNUMBER = {3551261},
MRREVIEWER = {Cecilia Cavaterra},
       DOI = {10.1007/s00220-016-2757-x},
       URL = {https://doi.org/10.1007/s00220-016-2757-x},
}

@misc{ImMoSi,
    title={Decay estimates for large velocities in the {B}oltzmann equation without cutoff},
    author={Imbert, C. and Mouhot, C. and Silvestre, L.},
    year={2018},
    eprint={1804.06135},
    archivePrefix={arXiv},
    primaryClass={math.AP}
}

%----------------------------------------------------------------------------------------%----------------------------------------------------------------------------------------
%----------------------------------------------------------------------------------------%----------------------------------------------------------------------------------------
%----------------------------------------------------------------------------------------%----------------------------------------------------------------------------------------

@article {Go.integrate,
    AUTHOR = {Goodman, J.},
     TITLE = {Nonlinear asymptotic stability of viscous shock profiles for conservation laws},
   JOURNAL = {Arch. Rational Mech. Anal.},
  FJOURNAL = {Archive for Rational Mechanics and Analysis},
    VOLUME = {95},
      YEAR = {1986},
    NUMBER = {4},
     PAGES = {325--344},
      ISSN = {0003-9527},
   MRCLASS = {35L65 (76L05)},
  MRNUMBER = {853782},
MRREVIEWER = {V. A. Galkin},
       DOI = {10.1007/BF00276840},
       URL = {https://doi-org.ezproxy.lib.utexas.edu/10.1007/BF00276840},
}

@article {KaVa.burgers,
    AUTHOR = {Kang, M.-J. and Vasseur, A.},
     TITLE = {{$L^2$}-contraction for shock waves of scalar viscous conservation laws},
   JOURNAL = {Ann. Inst. H. Poincar\'{e} Anal. Non Lin\'{e}aire},
  FJOURNAL = {Annales de l'Institut Henri Poincar\'{e}. Analyse Non Lin\'{e}aire},
    VOLUME = {34},
      YEAR = {2017},
    NUMBER = {1},
     PAGES = {139--156},
      ISSN = {0294-1449},
   MRCLASS = {35L65 (35B35 35B40 35L67)},
  MRNUMBER = {3592682},
MRREVIEWER = {Marta Lewicka},
       DOI = {10.1016/j.anihpc.2015.10.004},
       URL = {https://doi.org/10.1016/j.anihpc.2015.10.004},
}

@article {KaVa.navier,
	author = {Kang, M.-J. and Vasseur, A.},
	title = {Contraction property for large perturbations of shocks of the barotropic {N}avier-{S}tokes system},
	journal = {J. Eur. Math. Soc.},
	year = {2019},
	volume = {to appear},
}

@article {Ka,
    title = {{$L^2$}-type contraction for shocks of scalar viscous conservation laws with strictly convex flux},
    author = {Kang, M.-J.},
    year = {2019},
    eprint = {1901.02969},
    archivePrefix = {arXiv},
    primaryClass = {math.AP}
}

@article {GuMeWiZu,
    AUTHOR = {Gu\`es, O. and M\'{e}tivier, G. and Williams, M. and Zumbrun, K.},
     TITLE = {Multidimensional viscous shocks. {I}. {D}egenerate symmetrizers and long time stability},
   JOURNAL = {J. Amer. Math. Soc.},
  FJOURNAL = {Journal of the American Mathematical Society},
    VOLUME = {18},
      YEAR = {2005},
    NUMBER = {1},
     PAGES = {61--120},
      ISSN = {0894-0347},
   MRCLASS = {35L67 (35B35 35L60 76L05)},
  MRNUMBER = {2114817},
MRREVIEWER = {Marta Lewicka},
       DOI = {10.1090/S0894-0347-04-00470-9},
       URL = {https://doi.org/10.1090/S0894-0347-04-00470-9},
}

%----------------------------------------------------------------------------------------%----------------------------------------------------------------------------------------
%----------------------------------------------------------------------------------------%----------------------------------------------------------------------------------------
%----------------------------------------------------------------------------------------%----------------------------------------------------------------------------------------

@article{BaKa,
author = {F. Bass, R. and Kassmann, M.},
year = {2005},
month = {02},
pages = {},
title = {Harnack inequalities for non-local operators of variable order},
volume = {357},
journal = {Transactions of the American Mathematical Society},
doi = {10.2307/3845248}
}

@article{Ho,
	author = {H{\"{o}}rmander, L.},
	doi = {10.1007/BF02392081},
	fjournal = {Acta Mathematica},
	journal = {Acta Math.},
	pages = {147--171},
	publisher = {Institut Mittag-Leffler},
	title = {Hypoelliptic second order differential equations},
	url = {https://doi.org/10.1007/BF02392081},
	volume = {119},
	year = {1967}
}

@article{Za,
author = {Zaslavsky, G. M.},
year = {1994},
month = {09},
pages = {110-122},
title = {Fractional kinetic equation for Hamiltonian chaos},
volume = {76},
journal = {Physica D: Nonlinear Phenomena},	
doi = {10.1016/0167-2789(94)90254-2}
}

@article {Go.physics,
    AUTHOR = {Goychuk, I.},
     TITLE = {Fractional {B}hatnagar-{G}ross-{K}rook kinetic equation},
   JOURNAL = {Eur. Phys. J. B},
  FJOURNAL = {The European Physical Journal B. Condensed Matter and Complex Systems},
    VOLUME = {90},
      YEAR = {2017},
    NUMBER = {11},
     PAGES = {Paper No. 208, 13},
      ISSN = {1434-6028},
   MRCLASS = {82C40},
  MRNUMBER = {3719567},
       DOI = {10.1140/epjb/e2017-80297-x},
       URL = {https://doi-org.ezproxy.lib.utexas.edu/10.1140/epjb/e2017-80297-x},
}

@article{HaMa,
  title={The fractional kinetic equation and thermonuclear functions},
  author={Haubold, H. J. and Mathai, A. M.},
  journal={Astrophysics and Space Science},
  volume={273},
  number={1-4},
  pages={53--63},
  year={2000},
  publisher={Springer}
}

@article{LaKe,
author = {Larsen, E.  and Keller, J. },
title = {Asymptotic solution of neutron transport problems for small mean free paths},
journal = {Journal of Mathematical Physics},
volume = {15},
number = {1},
pages = {75-81},
year = {1974},
doi = {10.1063/1.1666510},
URL = {https://doi.org/10.1063/1.1666510},
eprint = {https://doi.org/10.1063/1.1666510}
}

@article{MeRo,
author = {Mendis, D. and Rosenberg, M.},
title = {Cosmic Dusty Plasma},
journal = {Annual Review of Astronomy and Astrophysics},
volume = {32},
number = {1},
pages = {419-463},
year = {1994},
doi = {10.1146/annurev.aa.32.090194.002223},
URL = {https://doi.org/10.1146/annurev.aa.32.090194.002223},
eprint = {https://doi.org/10.1146/annurev.aa.32.090194.002223}
}

@article {Me,
    AUTHOR = {Mellet, A.},
     TITLE = {Fractional diffusion limit for collisional kinetic equations: a moments method},
   JOURNAL = {Indiana Univ. Math. J.},
  FJOURNAL = {Indiana University Mathematics Journal},
    VOLUME = {59},
      YEAR = {2010},
    NUMBER = {4},
     PAGES = {1333--1360},
      ISSN = {0022-2518},
   MRCLASS = {82C40 (35B25 35F10 35R11)},
  MRNUMBER = {2815035},
MRREVIEWER = {Stephen D. Pankavich},
       DOI = {10.1512/iumj.2010.59.4128},
       URL = {https://doi-org.ezproxy.lib.utexas.edu/10.1512/iumj.2010.59.4128},
}

@article {MeMiMo,
    AUTHOR = {Mellet, A. and Mischler, S. and Mouhot, C.},
     TITLE = {Fractional diffusion limit for collisional kinetic equations},
   JOURNAL = {Arch. Ration. Mech. Anal.},
  FJOURNAL = {Archive for Rational Mechanics and Analysis},
    VOLUME = {199},
      YEAR = {2011},
    NUMBER = {2},
     PAGES = {493--525},
      ISSN = {0003-9527},
   MRCLASS = {82C40 (35Q20 74A25 76P05 76R50)},
  MRNUMBER = {2763032},
MRREVIEWER = {Stephen Wollman},
       DOI = {10.1007/s00205-010-0354-2},
       URL = {https://doi-org.ezproxy.lib.utexas.edu/10.1007/s00205-010-0354-2},
}

@ARTICLE{HeSn,
       author = {{Henderson}, C. and {Snelson}, S.},
        title = "{$C^\infty$ smoothing for weak solutions of the inhomogeneous Landau equation}",
      journal = {arXiv e-prints},
     keywords = {Mathematics - Analysis of PDEs},
         year = 2017,
        month = Jul,
          eid = {arXiv:1707.05710},
        pages = {arXiv:1707.05710},
archivePrefix = {arXiv},
       eprint = {1707.05710},
 primaryClass = {math.AP},
       adsurl = {https://ui.adsabs.harvard.edu/\#abs/2017arXiv170705710H},
      adsnote = {Provided by the SAO/NASA Astrophysics Data System}
}

@ARTICLE{CaSiSn,
       author = {{Cameron}, S. and {Silvestre}, L. and {Snelson}, S.},
        title = "{Global a priori estimates for the inhomogeneous Landau equation with moderately soft potentials}",
      journal = {Annales de L'Institut Henri Poincare Section (C) Non Linear Analysis},
     keywords = {Mathematics - Analysis of PDEs},
         year = 2018,
        month = May,
       volume = {35},
        pages = {625-642},
          doi = {10.1016/j.anihpc.2017.07.001},
archivePrefix = {arXiv},
       eprint = {1701.08215},
 primaryClass = {math.AP},
       adsurl = {https://ui.adsabs.harvard.edu/\#abs/2018AIHPC..35..625C},
      adsnote = {Provided by the SAO/NASA Astrophysics Data System}
}



@ARTICLE{ImSi,
       author = {{Imbert}, C. and {Silvestre}, L.},
        title = "{The weak Harnack inequality for the Boltzmann equation without cut-off}",
      journal = {arXiv e-prints},
     keywords = {Mathematics - Analysis of PDEs, 45K05, 35R09, 82C40, 35K99, 35Q20},
         year = 2016,
        month = Aug,
          eid = {arXiv:1608.07571},
        pages = {arXiv:1608.07571},
archivePrefix = {arXiv},
       eprint = {1608.07571},
 primaryClass = {math.AP},
       adsurl = {https://ui.adsabs.harvard.edu/\#abs/2016arXiv160807571I},
      adsnote = {Provided by the SAO/NASA Astrophysics Data System}
}


@ARTICLE{HeSnTa,
       author = {{Henderson}, C. and {Snelson}, S. and {Tarfulea}, A.},
        title = "{Local existence, lower mass bounds, and a new continuation criterion for the Landau equation}",
      journal = {arXiv e-prints},
     keywords = {Mathematics - Analysis of PDEs},
         year = 2017,
        month = Dec,
          eid = {arXiv:1712.07111},
        pages = {arXiv:1712.07111},
archivePrefix = {arXiv},
       eprint = {1712.07111},
 primaryClass = {math.AP},
       adsurl = {https://ui.adsabs.harvard.edu/\#abs/2017arXiv171207111H},
      adsnote = {Provided by the SAO/NASA Astrophysics Data System}
}

@article{Va,
  author        = {Vasseur, A.},
  title         = {The De Giorgi method for elliptic and parabolic equations and some applications},
  journal       = {Preprint, to appear in Lectures on the Analysis of Nonlinear Partial Differential Equations Vol. 4}
}

@article {CaVa,
    AUTHOR = {{Ca}ffarelli, L. and {Va}sseur, A.},
     TITLE = {Drift diffusion equations with fractional diffusion and the quasi-geostrophic equation},
   JOURNAL = {Ann. of Math. (2)},
  FJOURNAL = {Annals of Mathematics. Second Series},
    VOLUME = {171},
      YEAR = {2010},
    NUMBER = {3},
     PAGES = {1903--1930},
      ISSN = {0003-486X},
   MRCLASS = {35Q35 (35B45 35B65 35R11 76B03 86A10)},
  MRNUMBER = {2680400},
MRREVIEWER = {Denis Serre},
       DOI = {10.4007/annals.2010.171.1903},
       URL = {https://doi-org.ezproxy.lib.utexas.edu/10.4007/annals.2010.171.1903},
}

@article {Be,
    AUTHOR = {B{\'{e}}zard, M.},
     TITLE = {R\'{e}gularit\'{e} {$L^p$} pr\'{e}cis\'{e}e des moyennes dans les \'{e}quations de transport},
   JOURNAL = {Bull. Soc. Math. France},
  FJOURNAL = {Bulletin de la Soci\'{e}t\'{e} Math\'{e}matique de France},
    VOLUME = {122},
      YEAR = {1994},
    NUMBER = {1},
     PAGES = {29--76},
      ISSN = {0037-9484},
   MRCLASS = {82C70 (35Q99 46E99 46N55)},
  MRNUMBER = {1259108},
MRREVIEWER = {Reinhard Illner},
       URL = {http://www.numdam.org/item?id=BSMF_1994__122_1_29_0},
}

@article {Bo,
    AUTHOR = {Bouchut, F.},
     TITLE = {Hypoelliptic regularity in kinetic equations},
   JOURNAL = {J. Math. Pures Appl. (9)},
  FJOURNAL = {Journal de Math\'{e}matiques Pures et Appliqu\'{e}es. Neuvi\`eme S\'{e}rie},
    VOLUME = {81},
      YEAR = {2002},
    NUMBER = {11},
     PAGES = {1135--1159},
      ISSN = {0021-7824},
   MRCLASS = {82C40 (35B65 35H10)},
  MRNUMBER = {1949176},
MRREVIEWER = {Florent Berthelin},
       DOI = {10.1016/S0021-7824(02)01264-3},
       URL = {https://doi.org/10.1016/S0021-7824(02)01264-3},
}

@article {DiLiMe,
    AUTHOR = {DiPerna, R. and Lions, P.-L. and Meyer, Y.},
     TITLE = {{$L^p$} regularity of velocity averages},
   JOURNAL = {Ann. Inst. H. Poincar\'{e} Anal. Non Lin\'{e}aire},
  FJOURNAL = {Annales de l'Institut Henri Poincar\'{e}. Analyse Non Lin\'{e}aire},
    VOLUME = {8},
      YEAR = {1991},
    NUMBER = {3-4},
     PAGES = {271--287},
      ISSN = {0294-1449},
   MRCLASS = {35B65 (35Q99 82C70)},
  MRNUMBER = {1127927},
MRREVIEWER = {Benoit Perthame},
       DOI = {10.1016/S0294-1449(16)30264-5},
       URL = {https://doi-org.ezproxy.lib.utexas.edu/10.1016/S0294-1449(16)30264-5},
}

@article {DePe,
    AUTHOR = {DeVore, R. and Petrova, G.},
     TITLE = {The averaging lemma},
   JOURNAL = {J. Amer. Math. Soc.},
  FJOURNAL = {Journal of the American Mathematical Society},
    VOLUME = {14},
      YEAR = {2001},
    NUMBER = {2},
     PAGES = {279--296},
      ISSN = {0894-0347},
   MRCLASS = {35L60 (35B65 35L65 46E35 46N20)},
  MRNUMBER = {1815213},
MRREVIEWER = {Reinhard Racke},
       DOI = {10.1090/S0894-0347-00-00359-3},
       URL = {https://doi-org.ezproxy.lib.utexas.edu/10.1090/S0894-0347-00-00359-3},
}

@ARTICLE{GoImMoVa,
       author = {{Golse}, F. and {Imbert}, C. and {Mouhot}, C. and {Vasseur}, A.},
        title = "{Harnack inequality for kinetic Fokker-Planck equations with rough coefficients and application to the Landau equation}",
      journal = {To appear in Annali della Scuola Normale Superiore di Pisa, Classe di Scienze},
     keywords = {Mathematics - Analysis of PDEs},
         year = 2016,
        month = Jul,
          eid = {arXiv:1607.08068},
        pages = {arXiv:1607.08068},
archivePrefix = {arXiv},
       eprint = {1607.08068},
 primaryClass = {math.AP},
       adsurl = {https://ui.adsabs.harvard.edu/\#abs/2016arXiv160708068G},
      adsnote = {Provided by the SAO/NASA Astrophysics Data System}
}

@ARTICLE{ImMo,
       author = {{Imbert}, C. and {Mouhot}, C.},
        title = "{A toy nonlinear model in kinetic theory}",
      journal = {arXiv e-prints},
     keywords = {Mathematics - Analysis of PDEs},
         year = 2018,
        month = Jan,
          eid = {arXiv:1801.07891},
        pages = {arXiv:1801.07891},
archivePrefix = {arXiv},
       eprint = {1801.07891},
 primaryClass = {math.AP},
       adsurl = {https://ui.adsabs.harvard.edu/\#abs/2018arXiv180107891I},
      adsnote = {Provided by the SAO/NASA Astrophysics Data System}
}

@article {Li,
    AUTHOR = {Li, W.-X.},
     TITLE = {Global hypoelliptic estimates for fractional order kinetic equation},
   JOURNAL = {Math. Nachr.},
  FJOURNAL = {Mathematische Nachrichten},
    VOLUME = {287},
      YEAR = {2014},
    NUMBER = {5-6},
     PAGES = {610--637},
      ISSN = {0025-584X},
   MRCLASS = {35H10 (35Q20 35R11 82C40)},
  MRNUMBER = {3193940},
       DOI = {10.1002/mana.201200002},
       URL = {https://doi-org.ezproxy.lib.utexas.edu/10.1002/mana.201200002},
}

@ARTICLE{Mo,
	author = {{Mouhot}, C.},
	title = "{De Giorgi-Nash-Moser and H\"{o}rmander theories: new interplay}",
      journal = {arXiv e-prints},
     keywords = {Mathematics - Analysis of PDEs},
         year = 2018,
        month = Aug,
          eid = {arXiv:1808.00194},
        pages = {arXiv:1808.00194},
archivePrefix = {arXiv},
       eprint = {1808.00194},
 primaryClass = {math.AP},
       adsurl = {https://ui.adsabs.harvard.edu/\#abs/2018arXiv180800194M},
      adsnote = {Provided by the SAO/NASA Astrophysics Data System}
}

@book{St.book,
    AUTHOR = {Stein, E.},
     TITLE = {Singular integrals and differentiability properties of functions},
    SERIES = {Princeton Mathematical Series, No. 30},
 PUBLISHER = {Princeton University Press, Princeton, N.J.},
      YEAR = {1970},
     PAGES = {xiv+290},
   MRCLASS = {46.38 (26.00)},
  MRNUMBER = {0290095},
MRREVIEWER = {R. E. Edwards},
}

@incollection{CaSi.pointwise,
    AUTHOR = {Caffarelli, L. and Sire, Y.},
     TITLE = {On some pointwise inequalities involving nonlocal operators},
 BOOKTITLE = {Harmonic analysis, partial differential equations and applications},
    SERIES = {Appl. Numer. Harmon. Anal.},
     PAGES = {1--18},
 PUBLISHER = {Birkh\"{a}user/Springer, Cham},
      YEAR = {2017},
   MRCLASS = {35A23 (35A30 35R01 35R11)},
  MRNUMBER = {3642734},
}

@article {AlMoUkXuYa,
    AUTHOR = {Alexandre, R. and Morimoto, Y. and Ukai, S. and Xu, C.-J. and Yang, T.},
     TITLE = {Regularizing effect and local existence for the non-cutoff {B}oltzmann equation},
   JOURNAL = {Arch. Ration. Mech. Anal.},
  FJOURNAL = {Archive for Rational Mechanics and Analysis},
    VOLUME = {198},
      YEAR = {2010},
    NUMBER = {1},
     PAGES = {39--123},
      ISSN = {0003-9527},
   MRCLASS = {82C40 (35Q20 76P05)},
  MRNUMBER = {2679369},
MRREVIEWER = {Silvia Lorenzani},
       DOI = {10.1007/s00205-010-0290-1},
       URL = {https://doi.org/10.1007/s00205-010-0290-1},
}

@article {LeMoPr,
    AUTHOR = {Lerner, N. and Morimoto, Y. and Pravda-Starov, K.},
     TITLE = {Hypoelliptic estimates for a linear model of the {B}oltzmann equation without angular cutoff},
   JOURNAL = {Comm. Partial Differential Equations},
  FJOURNAL = {Communications in Partial Differential Equations},
    VOLUME = {37},
      YEAR = {2012},
    NUMBER = {2},
     PAGES = {234--284},
      ISSN = {0360-5302},
   MRCLASS = {35H10 (35B65 35Q20 35R11 82C40)},
  MRNUMBER = {2876831},
MRREVIEWER = {Sergio Polidoro},
       DOI = {10.1080/03605302.2011.625462},
       URL = {https://doi.org/10.1080/03605302.2011.625462},
}

@article {Ag,
    AUTHOR = {Agoshkov, V.},
     TITLE = {Spaces of functions with differential-difference characteristics and the smoothness of solutions of the transport equation},
   JOURNAL = {Dokl. Akad. Nauk SSSR},
  FJOURNAL = {Doklady Akademii Nauk SSSR},
    VOLUME = {276},
      YEAR = {1984},
    NUMBER = {6},
     PAGES = {1289--1293},
      ISSN = {0002-3264},
   MRCLASS = {46E35 (45K05)},
  MRNUMBER = {753365},
MRREVIEWER = {Ji\v{r}\'{i} R\'{a}kosn\'{i}k},
}

@article {GoPeSe,
    AUTHOR = {Golse, F. and Perthame, B. and Sentis, R.},
     TITLE = {Un r\'{e}sultat de compacit\'{e} pour les \'{e}quations de transport et application au calcul de la limite de la valeur propre principale d'un op\'{e}rateur de transport},
   JOURNAL = {C. R. Acad. Sci. Paris S\'{e}r. I Math.},
  FJOURNAL = {Comptes Rendus des S\'{e}ances de l'Acad\'{e}mie des Sciences. S\'{e}rie I. Math\'{e}matique},
    VOLUME = {301},
      YEAR = {1985},
    NUMBER = {7},
     PAGES = {341--344},
      ISSN = {0249-6291},
   MRCLASS = {82A70 (35Q20)},
  MRNUMBER = {808622},
MRREVIEWER = {C. G. Lekkerkerker},
}

@article {GoLiPeSe,
    AUTHOR = {Golse, F. and Lions, P.-L. and Perthame, B. and Sentis, R.},
     TITLE = {Regularity of the moments of the solution of a transport equation},
   JOURNAL = {J. Funct. Anal.},
  FJOURNAL = {Journal of Functional Analysis},
    VOLUME = {76},
      YEAR = {1988},
    NUMBER = {1},
     PAGES = {110--125},
      ISSN = {0022-1236},
   MRCLASS = {35Q20 (35B99)},
  MRNUMBER = {923047},
       DOI = {10.1016/0022-1236(88)90051-1},
       URL = {https://doi.org/10.1016/0022-1236(88)90051-1},
}

@article {MoXu,
    AUTHOR = {Morimoto, Y. and Xu, C.-J.},
     TITLE = {Hypoellipticity for a class of kinetic equations},
   JOURNAL = {J. Math. Kyoto Univ.},
  FJOURNAL = {Journal of Mathematics of Kyoto University},
    VOLUME = {47},
      YEAR = {2007},
    NUMBER = {1},
     PAGES = {129--152},
      ISSN = {0023-608X},
   MRCLASS = {35H10 (35D10 35S05)},
  MRNUMBER = {2359105},
MRREVIEWER = {Andr\'{a}s Domokos},
       DOI = {10.1215/kjm/1250281072},
       URL = {https://doi.org/10.1215/kjm/1250281072},
}

@article{CaChVa,
   author={Caffarelli, L. and Chan, C.-H. and Vasseur, A.},
   title={Regularity theory for parabolic nonlinear integral operators},
   journal={J. Amer. Math. Soc.},
   volume={24},
   year={2011},
   number={3},
   pages={849--869},
   issn={0894-0347},
   review={\MR{2784330}},
   doi={10.1090/S0894-0347-2011-00698-X},
}

@article {DG,
    AUTHOR = {De Giorgi, E.},
     TITLE = {Sulla differenziabilit\`a e l'analiticit\`a delle estremali degli integrali multipli regolari},
   JOURNAL = {Mem. Accad. Sci. Torino. Cl. Sci. Fis. Mat. Nat. (3)},
    VOLUME = {3},
      YEAR = {1957},
     PAGES = {25--43},
   MRCLASS = {35.00 (49.00)},
  MRNUMBER = {0093649},
MRREVIEWER = {C. B. Morrey, Jr.},
}

%----------------------------------------------------------------------------------------%----------------------------------------------------------------------------------------
%----------------------------------------------------------------------------------------%----------------------------------------------------------------------------------------
%----------------------------------------------------------------------------------------%----------------------------------------------------------------------------------------

@article {StVa.hamjac,
    AUTHOR = {Stokols, L. F. and Vasseur, A.},
     TITLE = {De {G}iorgi techniques applied to {H}amilton-{J}acobi equations with unbounded right-hand side},
   JOURNAL = {Commun. Math. Sci.},
  FJOURNAL = {Communications in Mathematical Sciences},
    VOLUME = {16},
      YEAR = {2018},
    NUMBER = {6},
     PAGES = {1465--1487},
      ISSN = {1539-6746},
   MRCLASS = {35K59 (35B65 35F21 35G20)},
  MRNUMBER = {3919601},
       DOI = {10.4310/CMS.2018.v16.n6.a1},
       URL = {https://doi-org.ezproxy.lib.utexas.edu/10.4310/CMS.2018.v16.n6.a1},
}

@article{StVa.higher,
    AUTHOR = {Stokols, L. F. and Vasseur, A.},
     TITLE = {Smooth Global Solutions for {SQG} on Bounded Domains},
   JOURNAL = {Work in Progress},
}

@article {CoNg.strong,
    AUTHOR = {Constantin, P. and Nguyen, H.-Q.},
     TITLE = {Local and global strong solutions for {SQG} in bounded domains},
   JOURNAL = {Phys. D},
  FJOURNAL = {Physica D. Nonlinear Phenomena},
    VOLUME = {376/377},
      YEAR = {2018},
     PAGES = {195--203},
      ISSN = {0167-2789},
   MRCLASS = {86A10 (35B30 35D35 35Q35 35Q86 35R11 76B60 86A05)},
  MRNUMBER = {3815216},
MRREVIEWER = {Jos\'{e} Miguel Pacheco Castelao},
       DOI = {10.1016/j.physd.2017.08.008},
       URL = {https://doi-org.ezproxy.lib.utexas.edu/10.1016/j.physd.2017.08.008},
}

@article {CaSt,
    AUTHOR = {Caffarelli, L. A. and Stinga, P. R.},
     TITLE = {Fractional elliptic equations, {C}accioppoli estimates and regularity},
   JOURNAL = {Ann. Inst. H. Poincar\'{e} Anal. Non Lin\'{e}aire},
  FJOURNAL = {Annales de l'Institut Henri Poincar\'{e}. Analyse Non Lin\'{e}aire},
    VOLUME = {33},
      YEAR = {2016},
    NUMBER = {3},
     PAGES = {767--807},
      ISSN = {0294-1449},
   MRCLASS = {35R11 (35B45 35B65 46E35)},
  MRNUMBER = {3489634},
MRREVIEWER = {Mark Allen},
       DOI = {10.1016/j.anihpc.2015.01.004},
       URL = {https://doi-org.ezproxy.lib.utexas.edu/10.1016/j.anihpc.2015.01.004},
}

@article{IMT.bilinear,
       author = {{Iwabuchi}, T. and {Matsuyama}, T. and {Taniguchi}, K.},
        title = {Bilinear estimates in {B}esov spaces generated by the {D}irichlet {L}aplacian},
      journal = {arXiv e-prints},
     keywords = {Mathematics - Functional Analysis, 30H25(Primary), 42B35(Secondary)},
         year = "2017",
        month = "May",
          eid = {arXiv:1705.08595},
        pages = {arXiv:1705.08595},
archivePrefix = {arXiv},
       eprint = {1705.08595},
 primaryClass = {math.FA},
       adsurl = {https://ui.adsabs.harvard.edu/abs/2017arXiv170508595I},
      adsnote = {Provided by the SAO/NASA Astrophysics Data System}
}

@article {IMT.schrodinger,
    AUTHOR = {Iwabuchi, T. and Matsuyama, T. and Taniguchi, K.},
     TITLE = {Boundedness of spectral multipliers for {S}chr\"{o}dinger operators on open sets},
   JOURNAL = {Rev. Mat. Iberoam.},
  FJOURNAL = {Revista Matem\'{a}tica Iberoamericana},
    VOLUME = {34},
      YEAR = {2018},
    NUMBER = {3},
     PAGES = {1277--1322},
      ISSN = {0213-2230},
   MRCLASS = {47F05 (26D10 31B35 35J10)},
  MRNUMBER = {3850287},
MRREVIEWER = {Valeri S. Serov},
       DOI = {10.4171/RMI/1024},
       URL = {https://doi-org.ezproxy.lib.utexas.edu/10.4171/RMI/1024},
}

@article {IMT.besov,
    AUTHOR = {Iwabuchi, T. and Matsuyama, T. and Taniguchi, K.},
     TITLE = {{B}esov spaces on open sets},
   JOURNAL = {Bull. Sci. Math.},
  FJOURNAL = {Bulletin des Sciences Math\'{e}matiques},
    VOLUME = {152},
      YEAR = {2019},
     PAGES = {93--149},
      ISSN = {0007-4497},
   MRCLASS = {46F05 (35J10 81Q10)},
  MRNUMBER = {3904287},
       DOI = {10.1016/j.bulsci.2019.01.008},
       URL = {https://doi-org.ezproxy.lib.utexas.edu/10.1016/j.bulsci.2019.01.008},
}

@article {BeZh,
    AUTHOR = {Benedetto, J. and Zheng, S.},
     TITLE = {Besov spaces for the {S}chr\"{o}dinger operator with barrier potential},
   JOURNAL = {Complex Anal. Oper. Theory},
  FJOURNAL = {Complex Analysis and Operator Theory},
    VOLUME = {4},
      YEAR = {2010},
    NUMBER = {4},
     PAGES = {777--811},
      ISSN = {1661-8254},
   MRCLASS = {46E35 (34L40 42B25 47E05)},
  MRNUMBER = {2735307},
MRREVIEWER = {Jan-Olav R\"{o}nning},
       DOI = {10.1007/s11785-009-0011-7},
       URL = {https://doi-org.ezproxy.lib.utexas.edu/10.1007/s11785-009-0011-7},
}

@article {FMP,
    AUTHOR = {Fornaro, S. and Metafune, G. and Priola, E.},
     TITLE = {Gradient estimates for {D}irichlet parabolic problems in unbounded domains},
   JOURNAL = {J. Differential Equations},
  FJOURNAL = {Journal of Differential Equations},
    VOLUME = {205},
      YEAR = {2004},
    NUMBER = {2},
     PAGES = {329--353},
      ISSN = {0022-0396},
   MRCLASS = {35K20 (35B45 35B65 35K65 47D06)},
  MRNUMBER = {2092861},
MRREVIEWER = {Siegfried Carl},
       DOI = {10.1016/j.jde.2004.06.019},
       URL = {https://doi-org.ezproxy.lib.utexas.edu/10.1016/j.jde.2004.06.019},
}

@book{GiTr,
    title = {Elliptic Partial Differential Equations of Second Order},
   author = {Gilbarg, D. and Trudinger, N.S.},
     isbn = {9783540411604},
     lccn = {00052272},
   series = {Classics in Mathematics},
      url = {https://books.google.com/books?id=eoiGTf4cmhwC},
     year = {2001},
publisher = {U.S. Government Printing Office}
}

@article {CoIg.fraclap,
    AUTHOR = {Constantin, P. and Ignatova, M.},
     TITLE = {Remarks on the fractional {L}aplacian with {D}irichlet boundary conditions and applications},
   JOURNAL = {Int. Math. Res. Not. IMRN},
  FJOURNAL = {International Mathematics Research Notices. IMRN},
      YEAR = {2017},
    NUMBER = {6},
     PAGES = {1653--1673},
      ISSN = {1073-7928},
   MRCLASS = {35R11 (35D30 35Q86)},
  MRNUMBER = {3658179},
MRREVIEWER = {Patrizia Pucci},
       DOI = {10.1093/imrn/rnw098},
       URL = {https://doi-org.ezproxy.lib.utexas.edu/10.1093/imrn/rnw098},
}

@article {CoIg.sqg,
    AUTHOR = {Constantin, P. and Ignatova, M.},
     TITLE = {Critical {SQG} in bounded domains},
   JOURNAL = {Ann. PDE},
  FJOURNAL = {Annals of PDE. Journal Dedicated to the Analysis of Problems from Physical Sciences},
    VOLUME = {2},
      YEAR = {2016},
    NUMBER = {2},
     PAGES = {Art. 8, 42},
      ISSN = {2199-2576},
   MRCLASS = {35Q35 (35B50 35B65 35Q86)},
  MRNUMBER = {3595454},
       DOI = {10.1007/s40818-016-0017-1},
       URL = {https://doi-org.ezproxy.lib.utexas.edu/10.1007/s40818-016-0017-1},
}

@article {CaVa.sqg,
    AUTHOR = {Caffarelli, L. A. and Vasseur, A.},
     TITLE = {Drift diffusion equations with fractional diffusion and the quasi-geostrophic equation},
   JOURNAL = {Ann. of Math. (2)},
  FJOURNAL = {Annals of Mathematics. Second Series},
    VOLUME = {171},
      YEAR = {2010},
    NUMBER = {3},
     PAGES = {1903--1930},
      ISSN = {0003-486X},
   MRCLASS = {35Q35 (35B45 35B65 35R11 76B03 86A10)},
  MRNUMBER = {2680400},
MRREVIEWER = {Denis Serre},
       DOI = {10.4007/annals.2010.171.1903},
       URL = {https://doi-org.ezproxy.lib.utexas.edu/10.4007/annals.2010.171.1903},
}

@article {NoVa.qg,
    AUTHOR = {Novack, M. D. and Vasseur, A.},
     TITLE = {Global in time classical solutions to the 3{D} quasi-geostrophic system for large initial data},
   JOURNAL = {Comm. Math. Phys.},
  FJOURNAL = {Communications in Mathematical Physics},
    VOLUME = {358},
      YEAR = {2018},
    NUMBER = {1},
     PAGES = {237--267},
      ISSN = {0010-3616},
   MRCLASS = {35Q86 (35A09)},
  MRNUMBER = {3772037},
MRREVIEWER = {Alessandro Maria Selvitella},
       DOI = {10.1007/s00220-017-3049-9},
       URL = {https://doi-org.ezproxy.lib.utexas.edu/10.1007/s00220-017-3049-9},
}

@ARTICLE{NoVa.bounded,
       author = {{Novack}, M. D. and {Vasseur}, A.},
        title = "{The Inviscid 3{D} Quasi-Geostrophic System on Bounded Domains}",
      journal = {arXiv e-prints},
     keywords = {Mathematics - Analysis of PDEs},
         year = "2018",
        month = "Jun",
          eid = {arXiv:1806.00547},
        pages = {arXiv:1806.00547},
archivePrefix = {arXiv},
       eprint = {1806.00547},
 primaryClass = {math.AP},
       adsurl = {https://ui.adsabs.harvard.edu/abs/2018arXiv180600547N},
      adsnote = {Provided by the SAO/NASA Astrophysics Data System}
}

@ARTICLE{NoVa.solutions,
       author = {{Novack}, M. D. and {Vasseur}, A.},
        title = "{Classical Solutions for the 3{D} Quasi-Geostrophic System on a Bounded Domain}",
      journal = {arXiv e-prints},
     keywords = {Mathematics - Analysis of PDEs},
         year = "2019",
        month = "Apr",
          eid = {arXiv:1904.13050},
        pages = {arXiv:1904.13050},
archivePrefix = {arXiv},
       eprint = {1904.13050},
 primaryClass = {math.AP},
       adsurl = {https://ui.adsabs.harvard.edu/abs/2019arXiv190413050N},
      adsnote = {Provided by the SAO/NASA Astrophysics Data System}
}

@article {CoVi,
    AUTHOR = {Constantin, P. and Vicol, V.},
     TITLE = {Nonlinear maximum principles for dissipative linear nonlocal operators and applications},
   JOURNAL = {Geom. Funct. Anal.},
  FJOURNAL = {Geometric and Functional Analysis},
    VOLUME = {22},
      YEAR = {2012},
    NUMBER = {5},
     PAGES = {1289--1321},
      ISSN = {1016-443X},
   MRCLASS = {35Q53 (35B50 35Q35 76B03)},
  MRNUMBER = {2989434},
MRREVIEWER = {Alessandro Arsie},
       DOI = {10.1007/s00039-012-0172-9},
       URL = {https://doi-org.ezproxy.lib.utexas.edu/10.1007/s00039-012-0172-9},
}

@article {CoTaVi,
    AUTHOR = {Constantin, P. and Tarfulea, A. and Vicol, V.},
     TITLE = {Long time dynamics of forced critical {SQG}},
   JOURNAL = {Comm. Math. Phys.},
  FJOURNAL = {Communications in Mathematical Physics},
    VOLUME = {335},
      YEAR = {2015},
    NUMBER = {1},
     PAGES = {93--141},
      ISSN = {0010-3616},
   MRCLASS = {35Q86 (35B41)},
  MRNUMBER = {3314501},
MRREVIEWER = {Elisabetta Rocca},
       DOI = {10.1007/s00220-014-2129-3},
       URL = {https://doi-org.ezproxy.lib.utexas.edu/10.1007/s00220-014-2129-3},
}

@book{Pe,
  title={Geophysical Fluid Dynamics},
  author={Pedlosky, J.},
  isbn={9780387963877},
  lccn={lc86013941},
  series={Springer study edition},
  url={https://books.google.com/books?id=FXs-uRSDBFYC},
  year={1992},
  publisher={Springer New York}
}

@article{GaHePiSw, 
    title={Surface quasi-geostrophic dynamics}, 
   volume={282}, DOI={10.1017/S0022112095000012}, 
  journal={Journal of Fluid Mechanics}, 
publisher={Cambridge University Press}, 
   author={Held, I. and Pierrehumbert, R. and Garner, S. and Swanson, K.}, 
     year={1995}, 
    pages={1–20}
}

@book {BaChDa,
    AUTHOR = {Bahouri, H. and Chemin, J.-Y. and Danchin, R.},
     TITLE = {Fourier analysis and nonlinear partial differential equations},
    SERIES = {Grundlehren der Mathematischen Wissenschaften [Fundamental Principles of Mathematical Sciences]},
    VOLUME = {343},
 PUBLISHER = {Springer, Heidelberg},
      YEAR = {2011},
     PAGES = {xvi+523},
      ISBN = {978-3-642-16829-1},
   MRCLASS = {35-02 (35L72 35Q30 42-02 42B37 76B03 76D03 76N10)},
  MRNUMBER = {2768550},
MRREVIEWER = {Peter R. Massopust},
       DOI = {10.1007/978-3-642-16830-7},
       URL = {https://doi-org.ezproxy.lib.utexas.edu/10.1007/978-3-642-16830-7},
}

@article {CoMaTa,
    AUTHOR = {Constantin, P. and Majda, A. J. and Tabak, E.},
     TITLE = {Formation of strong fronts in the {$2$}-{D} quasigeostrophic thermal active scalar},
   JOURNAL = {Nonlinearity},
  FJOURNAL = {Nonlinearity},
    VOLUME = {7},
      YEAR = {1994},
    NUMBER = {6},
     PAGES = {1495--1533},
      ISSN = {0951-7715},
   MRCLASS = {76U05 (35Q35 76C15 76M25 86A10)},
  MRNUMBER = {1304437},
MRREVIEWER = {J. Thomas Beale},
       URL = {http://stacks.iop.org.ezproxy.lib.utexas.edu/0951-7715/7/1495},
}

@article {CoNg,
    AUTHOR = {Constantin, P. and Nguyen, H.-Q.},
     TITLE = {Global weak solutions for {SQG} in bounded domains},
   JOURNAL = {Comm. Pure Appl. Math.},
  FJOURNAL = {Communications on Pure and Applied Mathematics},
    VOLUME = {71},
      YEAR = {2018},
    NUMBER = {11},
     PAGES = {2323--2333},
      ISSN = {0010-3640},
   MRCLASS = {35Q86 (35D30 86A05 86A10)},
  MRNUMBER = {3862092},
       DOI = {10.1002/cpa.21720},
       URL = {https://doi-org.ezproxy.lib.utexas.edu/10.1002/cpa.21720},
}

@book {Re,
    AUTHOR = {Resnick, S.},
     TITLE = {Dynamical problems in non-linear advective partial differential equations},
      NOTE = {Thesis (Ph.D.)--The University of Chicago},
 PUBLISHER = {ProQuest LLC, Ann Arbor, MI},
      YEAR = {1995},
     PAGES = {76},
   MRCLASS = {Thesis},
  MRNUMBER = {2716577},
       URL = {http://gateway.proquest.com.ezproxy.lib.utexas.edu/openurl?url_ver=Z39.88-2004&rft_val_fmt=info:ofifmt:kev:mtx:dissertation&res_dat=xri:pqdiss&rft_dat=xri:pqdiss:9542767},
}

@article {CoIyWu,
    AUTHOR = {Constantin, P. and Iyer, G. and Wu, J.},
     TITLE = {Global regularity for a modified critical dissipative quasi-geostrophic equation},
   JOURNAL = {Indiana Univ. Math. J.},
  FJOURNAL = {Indiana University Mathematics Journal},
    VOLUME = {57},
      YEAR = {2008},
    NUMBER = {6},
     PAGES = {2681--2692},
      ISSN = {0022-2518},
   MRCLASS = {35K55 (35B65 76D03 76U05 86A05)},
  MRNUMBER = {2482996},
MRREVIEWER = {Ezzedine Zahrouni},
       DOI = {10.1512/iumj.2008.57.3629},
       URL = {https://doi-org.ezproxy.lib.utexas.edu/10.1512/iumj.2008.57.3629},
}

@article {CoCoWu,
    AUTHOR = {Constantin, P. and Cordoba, D. and Wu, J.},
     TITLE = {On the critical dissipative quasi-geostrophic equation},
      NOTE = {Dedicated to Professors Ciprian Foias and Roger Temam (Bloomington, IN, 2000)},
   JOURNAL = {Indiana Univ. Math. J.},
  FJOURNAL = {Indiana University Mathematics Journal},
    VOLUME = {50},
      YEAR = {2001},
    NUMBER = {Special Issue},
     PAGES = {97--107},
      ISSN = {0022-2518},
   MRCLASS = {35Q35 (76B03 86A05)},
  MRNUMBER = {1855665},
MRREVIEWER = {Emmanuel Grenier},
       DOI = {10.1512/iumj.2008.57.3629},
       URL = {https://doi-org.ezproxy.lib.utexas.edu/10.1512/iumj.2008.57.3629},
}

@article {KiNaVo,
    AUTHOR = {Kiselev, A. and Nazarov, F. and Volberg, A.},
     TITLE = {Global well-posedness for the critical 2{D} dissipative quasi-geostrophic equation},
   JOURNAL = {Invent. Math.},
  FJOURNAL = {Inventiones Mathematicae},
    VOLUME = {167},
      YEAR = {2007},
    NUMBER = {3},
     PAGES = {445--453},
      ISSN = {0020-9910},
   MRCLASS = {35Q35 (35B30 35K50)},
  MRNUMBER = {2276260},
MRREVIEWER = {Xiaoming Wang},
       DOI = {10.1007/s00222-006-0020-3},
       URL = {https://doi-org.ezproxy.lib.utexas.edu/10.1007/s00222-006-0020-3},
}

@article {CoWu,
    AUTHOR = {Constantin, P. and Wu, J.},
     TITLE = {Regularity of {H}\"{o}lder continuous solutions of the supercritical quasi-geostrophic equation},
   JOURNAL = {Ann. Inst. H. Poincar\'{e} Anal. Non Lin\'{e}aire},
  FJOURNAL = {Annales de l'Institut Henri Poincar\'{e}. Analyse Non Lin\'{e}aire},
    VOLUME = {25},
      YEAR = {2008},
    NUMBER = {6},
     PAGES = {1103--1110},
      ISSN = {0294-1449},
   MRCLASS = {35Q35 (35A05 35B65 35D10 76D03 86A10)},
  MRNUMBER = {2466323},
MRREVIEWER = {Beno\^{\i}t P. Desjardins},
       DOI = {10.1016/j.anihpc.2007.10.001},
       URL = {https://doi-org.ezproxy.lib.utexas.edu/10.1016/j.anihpc.2007.10.001},
}

@article {DoPa,
    AUTHOR = {Dong, H. and Pavlovi\'{c}, N.},
     TITLE = {Regularity criteria for the dissipative quasi-geostrophic equations in {H}\"{o}lder spaces},
   JOURNAL = {Comm. Math. Phys.},
  FJOURNAL = {Communications in Mathematical Physics},
    VOLUME = {290},
      YEAR = {2009},
    NUMBER = {3},
     PAGES = {801--812},
      ISSN = {0010-3616},
   MRCLASS = {35B65 (76E20)},
  MRNUMBER = {2525640},
       DOI = {10.1007/s00220-009-0756-x},
       URL = {https://doi-org.ezproxy.lib.utexas.edu/10.1007/s00220-009-0756-x},
}

@article {KiNa.variations,
    AUTHOR = {Kiselev, A. and Nazarov, F.},
     TITLE = {A variation on a theme of {C}affarelli and {V}asseur},
   JOURNAL = {Zap. Nauchn. Sem. S.-Peterburg. Otdel. Mat. Inst. Steklov. (POMI)},
  FJOURNAL = {Rossi\u{\i}skaya Akademiya Nauk. Sankt-Peterburgskoe Otdelenie. Matematicheski\u{\i} Institut im. V. A. Steklova. Zapiski Nauchnykh Seminarov (POMI)},
    VOLUME = {370},
      YEAR = {2009},
    NUMBER = {Kraevye Zadachi Matematichesko\u{\i} Fiziki i Smezhnye Voprosy Teorii Funktsi\u{\i}. 40},
     PAGES = {58--72, 220},
      ISSN = {0373-2703},
   MRCLASS = {35Q35 (35B65 35R11 76B03)},
  MRNUMBER = {2749211},
MRREVIEWER = {Benedetta Ferrario},
       DOI = {10.1007/s10958-010-9842-z},
       URL = {https://doi-org.ezproxy.lib.utexas.edu/10.1007/s10958-010-9842-z},
}

@article {Kr.landsea,
    AUTHOR = {Kriventsov, D.},
     TITLE = {Regularity for a local-nonlocal transmission problem},
   JOURNAL = {Arch. Ration. Mech. Anal.},
  FJOURNAL = {Archive for Rational Mechanics and Analysis},
    VOLUME = {217},
      YEAR = {2015},
    NUMBER = {3},
     PAGES = {1103--1195},
      ISSN = {0003-9527},
   MRCLASS = {35Q86 (86A10)},
  MRNUMBER = {3356996},
MRREVIEWER = {C\'{e}sar J. Niche},
       DOI = {10.1007/s00205-015-0851-4},
       URL = {https://doi-org.ezproxy.lib.utexas.edu/10.1007/s00205-015-0851-4},
}

@article {JeKe,
    AUTHOR = {Jerison, D. and Kenig, C.},
     TITLE = {The inhomogeneous {D}irichlet problem in {L}ipschitz domains},
   JOURNAL = {J. Funct. Anal.},
  FJOURNAL = {Journal of Functional Analysis},
    VOLUME = {130},
      YEAR = {1995},
    NUMBER = {1},
     PAGES = {161--219},
      ISSN = {0022-1236},
   MRCLASS = {35J25 (46E35)},
  MRNUMBER = {1331981},
MRREVIEWER = {H. Triebel},
       DOI = {10.1006/jfan.1995.1067},
       URL = {https://doi-org.ezproxy.lib.utexas.edu/10.1006/jfan.1995.1067},
}

@article {StTo,
    AUTHOR = {Stinga, P.-R. and Torrea, J.-L.},
     TITLE = {Extension problem and {H}arnack's inequality for some fractional operators},
   JOURNAL = {Comm. Partial Differential Equations},
  FJOURNAL = {Communications in Partial Differential Equations},
    VOLUME = {35},
      YEAR = {2010},
    NUMBER = {11},
     PAGES = {2092--2122},
      ISSN = {0360-5302},
   MRCLASS = {35R11 (35B45 35B50 35B51 35B65)},
  MRNUMBER = {2754080},
MRREVIEWER = {Nasser-eddine Tatar},
       DOI = {10.1080/03605301003735680},
       URL = {https://doi-org.ezproxy.lib.utexas.edu/10.1080/03605301003735680},
}

@article {BuDuYa,
    AUTHOR = {Bui, H.-Q. and Duong, X.-T. and Yan, L.},
     TITLE = {Calder\'{o}n reproducing formulas and new {B}esov spaces associated with operators},
   JOURNAL = {Adv. Math.},
  FJOURNAL = {Advances in Mathematics},
    VOLUME = {229},
      YEAR = {2012},
    NUMBER = {4},
     PAGES = {2449--2502},
      ISSN = {0001-8708},
   MRCLASS = {42B35 (46E35)},
  MRNUMBER = {2880229},
MRREVIEWER = {Yuan Zhou},
       DOI = {10.1016/j.aim.2012.01.005},
       URL = {https://doi-org.ezproxy.lib.utexas.edu/10.1016/j.aim.2012.01.005},
}

@article {Zh,
    AUTHOR = {Zheng, S.},
     TITLE = {Littlewood-{P}aley theorem for {S}chr\"{o}dinger operators},
   JOURNAL = {Anal. Theory Appl.},
  FJOURNAL = {Analysis in Theory and Applications},
    VOLUME = {22},
      YEAR = {2006},
    NUMBER = {4},
     PAGES = {353--361},
      ISSN = {1672-4070},
   MRCLASS = {35J10 (35P25 46E35)},
  MRNUMBER = {2316762},
       DOI = {10.1007/s10496-006-0353-1},
       URL = {https://doi-org.ezproxy.lib.utexas.edu/10.1007/s10496-006-0353-1},
}

@article {CaSi.extension,
    AUTHOR = {Caffarelli, L. and Silvestre, L.},
     TITLE = {An extension problem related to the fractional {L}aplacian},
   JOURNAL = {Comm. Partial Differential Equations},
  FJOURNAL = {Communications in Partial Differential Equations},
    VOLUME = {32},
      YEAR = {2007},
    NUMBER = {7-9},
     PAGES = {1245--1260},
      ISSN = {0360-5302},
   MRCLASS = {35J70},
  MRNUMBER = {2354493},
MRREVIEWER = {Francesco Petitta},
       DOI = {10.1080/03605300600987306},
       URL = {https://doi-org.ezproxy.lib.utexas.edu/10.1080/03605300600987306},
}

@article{Ch,
 author = {Charney, J.},
  title = {Geostrophic Turbulence},
journal = {Journal of the Atmospheric Sciences},
 volume = {28},
 number = {6},
  pages = {1087-1095},
   year = {1971},
    doi = {10.1175/1520-0469(1971)028<1087:GT>2.0.CO;2},
    URL = {https://doi.org/10.1175/1520-0469(1971)028<1087:GT>2.0.CO;2},
 eprint = {https://doi.org/10.1175/1520-0469(1971)028<1087:GT>2.0.CO;2},
}

@article {CoIgNg,
    AUTHOR = {Constantin, P. and Ignatova, M. and Nguyen, H.-Q.},
     TITLE = {Inviscid limit for {SQG} in bounded domains},
   JOURNAL = {SIAM J. Math. Anal.},
  FJOURNAL = {SIAM Journal on Mathematical Analysis},
    VOLUME = {50},
      YEAR = {2018},
    NUMBER = {6},
     PAGES = {6196--6207},
      ISSN = {0036-1410},
   MRCLASS = {35Q86 (35Q35)},
  MRNUMBER = {3882956},
MRREVIEWER = {Alessandro Maria Selvitella},
       DOI = {10.1137/18M1192743},
       URL = {https://doi.org/10.1137/18M1192743},
}

@incollection {Va.dg,
    AUTHOR = {Vasseur, A.},
     TITLE = {The {D}e {G}iorgi method for elliptic and parabolic equations and some applications},
 BOOKTITLE = {Lectures on the analysis of nonlinear partial differential equations. {P}art 4},
    SERIES = {Morningside Lect. Math.},
    VOLUME = {4},
     PAGES = {195--222},
 PUBLISHER = {Int. Press, Somerville, MA},
      YEAR = {2016},
   MRCLASS = {35B65 (35J15 35K10)},
  MRNUMBER = {3525875},
MRREVIEWER = {Sergio Polidoro},
}

incollection{CaSi,
    AUTHOR = {Caffarelli, Luis A. and Sire, Yannick},
     TITLE = {On some pointwise inequalities involving nonlocal operators},
 BOOKTITLE = {Harmonic analysis, partial differential equations and applications},
    SERIES = {Appl. Numer. Harmon. Anal.},
     PAGES = {1--18},
 PUBLISHER = {Birkh\"{a}user/Springer, Cham},
      YEAR = {2017},
   MRCLASS = {35A23 (35A30 35R01 35R11)},
  MRNUMBER = {3642734},
}

@article{CaChVa.nio,
 author = {Caffarelli, L. and Chan, C.-H. and Vasseur, A.},
  title = {Regularity theory for parabolic nonlinear integral operators},
journal = {J. Amer. Math. Soc.},
 volume = {24},
   year = {2011},
 number = {3},
  pages = {849--869},
   issn = {0894-0347},
 review = {\MR{2784330}},
    doi = {10.1090/S0894-0347-2011-00698-X},
}

@article {AlCaVa,
    AUTHOR = {Allen, M. and Caffarelli, L. and Vasseur, A.},
     TITLE = {A parabolic problem with a fractional time derivative},
   JOURNAL = {Arch. Ration. Mech. Anal.},
  FJOURNAL = {Archive for Rational Mechanics and Analysis},
    VOLUME = {221},
      YEAR = {2016},
    NUMBER = {2},
     PAGES = {603--630},
      ISSN = {0003-9527},
   MRCLASS = {35R11 (26A33 35A01 35A02 35B65)},
  MRNUMBER = {3488533},
MRREVIEWER = {C\'{e}sar Enrique Torres Ledesma},
       DOI = {10.1007/s00205-016-0969-z},
       URL = {https://doi-org.ezproxy.lib.utexas.edu/10.1007/s00205-016-0969-z},
}

@incollection {ChVa,
    AUTHOR = {Chan, C.-H. and Vasseur, A.},
     TITLE = {De {G}iorgi techniques applied to the {H}\"{o}lder regularity of solutions to {H}amilton-{J}acobi equations},
 BOOKTITLE = {From particle systems to partial differential equations},
    SERIES = {Springer Proc. Math. Stat.},
    VOLUME = {209},
     PAGES = {117--137},
 PUBLISHER = {Springer, Cham},
      YEAR = {2017},
   MRCLASS = {35F21 (35B65)},
  MRNUMBER = {3746749},
}

@article {St.hypo,
	AUTHOR = {Stokols, L. F.},
	TITLE = {H\"{o}lder continuity for a family of nonlocal hypoelliptic kinetic equations},
	JOURNAL = {SIAM J. Math. Anal.},
	FJOURNAL = {SIAM Journal on Mathematical Analysis},
	VOLUME = {51},
	YEAR = {2019},
	NUMBER = {6},
	PAGES = {4815--4847},
	ISSN = {0036-1410},
	MRCLASS = {35H10 (35B65 35Q84 47G20)},
	MRNUMBER = {4039522},
	DOI = {10.1137/18M1234953}
}

%----------------------------------------------------------------------------------------%----------------------------------------------------------------------------------------
%----------------------------------------------------------------------------------------%----------------------------------------------------------------------------------------
%----------------------------------------------------------------------------------------%----------------------------------------------------------------------------------------

ARTICLE{ChVa,
	author = {{Chan}, C.-H. and {Vasseur}, A.~F.},
	title = "{De Giorgi Techniques Applied to The Holder Regularity of Solutions to Hamilton-Jacobi Equations}",
	journal = {ArXiv e-prints},
	archivePrefix = "arXiv",
	eprint = {1411.3455},
	primaryClass = "math.AP",
	keywords = {Mathematics - Analysis of PDEs, 35F21, 35F20},
	year = 2014,
	month = nov,
	adsurl = {http://adsabs.harvard.edu/abs/2014arXiv1411.3455H},
	adsnote = {Provided by the SAO/NASA Astrophysics Data System}
}

@article{CaCa,
	author={Cannarsa, P. and Cardaliaguet, P.},
	TITLE = {H\"older estimates in space-time for viscosity solutions of {H}amilton-{J}acobi equations},
	JOURNAL = {Comm. Pure Appl. Math.},
	FJOURNAL = {Communications on Pure and Applied Mathematics},
	VOLUME = {63},
	YEAR = {2010},
	nUMBER = {5},
	PAGES = {590--629},
	ISSN = {0010-3640},
	CODEN = {CPAMA},
	MRCLASS = {35K55 (35B65 35D40 35F21 49L25 49N60)},
	MRNUMBER = {2583307},
	MRREVIEWER = {Fabio Bagagiolo},
	DOI = {10.1002/cpa.20315},
	URL = {http://dx.doi.org/10.1002/cpa.20315},
}

@article{Ca,
	author={Cardaliaguet, P.},
	title={A note on the regularity of solutions of {H}amilton-{J}acobi equations with superlinear growth in the gradient variable},
	journal={ESAIM Control Optim. Calc. Var.},
	fjournal={ESAIM. Control, Optimisation and Calculus of Variations},
	VOLUME={15},
	YEAR = {2009},
	NUMBER = {2},
	PAGES = {367--376},
	ISSN = {1292-8119},
	MRCLASS = {35F21 (35B65 49L25)},
	MRNUMBER = {2513090},
	MRREVIEWER = {Paola Loreti},
	DOI = {10.1051/cocv:2008028},
	URL = {http://dx.doi.org/10.1051/cocv:2008028},
}

@article{CaRa,
	AUTHOR = {Cardaliaguet, P. and Rainer, C.},
	TITLE = {H\"older regularity for viscosity solutions of fully nonlinear, local or nonlocal, {H}amilton-{J}acobi equations with superquadratic growth in the gradient},
	JOURNAL = {SIAM J. Control Optim.},
	FJOURNAL = {SIAM Journal on Control and Optimization},
	VOLUME = {49},
	YEAR = {2011},
	NUMBER = {2},
	PAGES = {555--573},
	ISSN = {0363-0129},
	CODEN = {SJCODC},
	MRCLASS = {49L25 (35D40 35K55 49N70 91A23 93E20)},
	MRNUMBER = {2784700},
	MRREVIEWER = {A. M. Tarasyev},
	DOI = {10.1137/100784400},
	URL = {http://dx.doi.org/10.1137/100784400},
}

@article {Ju,
	AUTHOR = {Juutinen, P.},
	TITLE = {On the definition of viscosity solutions for parabolic equations},
	JOURNAL = {Proc. Amer. Math. Soc.},
	FJOURNAL = {Proceedings of the American Mathematical Society},
	VOLUME = {129},
	YEAR = {2001},
	NUMBER = {10},
	PAGES = {2907--2911},
	ISSN = {0002-9939},
	CODEN = {PAMYAR},
	MRCLASS = {35K55 (35D05)},
	MRNUMBER = {1840092},
	DOI = {10.1090/S0002-9939-01-05889-0},
	URL = {http://dx.doi.org/10.1090/S0002-9939-01-05889-0},
}

@incollection {Cr,
	AUTHOR = {Crandall, M. G.},
	TITLE = {Viscosity solutions: a primer},
	BOOKTITLE = {Viscosity solutions and applications ({M}ontecatini {T}erme, 1995)},
	SERIES = {Lecture Notes in Math.},
	VOLUME = {1660},
	PAGES = {1--43},
	PUBLISHER = {Springer, Berlin},
	YEAR = {1997},
	MRCLASS = {35D05 (35-01 35F20 35G20 49L25)},
	MRNUMBER = {1462699},
	DOI = {10.1007/BFb0094294},
	URL = {http://dx.doi.org/10.1007/BFb0094294},
}

@article {LaLi.meanfield,
	AUTHOR = {Lasry, J.-M. and Lions, P.-L.},
	TITLE = {Mean field games},
	JOURNAL = {Jpn. J. Math.},
	FJOURNAL = {Japanese Journal of Mathematics},
	VOLUME = {2},
	YEAR = {2007},
	NUMBER = {1},
	PAGES = {229--260},
	ISSN = {0289-2316},
	MRCLASS = {91A23 (82B05 91B28)},
	MRNUMBER = {2295621},
	DOI = {10.1007/s11537-007-0657-8},
	URL = {http://dx.doi.org.ezproxy.lib.utexas.edu/10.1007/s11537-007-0657-8},
}

@article {CaSi.hamjac,
	AUTHOR = {Cardaliaguet, P. and Silvestre, L.},
	TITLE = {H\"older continuity to {H}amilton-{J}acobi equations with superquadratic growth in the gradient and unbounded right-hand side},
	JOURNAL = {Comm. Partial Differential Equations},
	FJOURNAL = {Communications in Partial Differential Equations},
	VOLUME = {37},
	YEAR = {2012},
	NUMBER = {9},
	PAGES = {1668--1688},
	ISSN = {0360-5302},
	CODEN = {CPDIDZ},
	MRCLASS = {35F21 (35B51 35B65)},
	MRNUMBER = {2969493},
	MRREVIEWER = {Gawtum Namah},
	DOI = {10.1080/03605302.2012.660267},
	URL = {http://dx.doi.org.ezproxy.lib.utexas.edu/10.1080/03605302.2012.660267},
}

@article {Sc,
	AUTHOR = {Schwab, R. W.},
	TITLE = {Stochastic homogenization for some nonlinear integro-differential equations},
	JOURNAL = {Comm. Partial Differential Equations},
	FJOURNAL = {Communications in Partial Differential Equations},
	VOLUME = {38},
	YEAR = {2013},
	NUMBER = {2},
	PAGES = {171--198},
	ISSN = {0360-5302},
	MRCLASS = {35B27 (35R09 45J05)},
	MRNUMBER = {3009077},
	MRREVIEWER = {Giampiero Palatucci},
	DOI = {10.1080/03605302.2012.741176},
	URL = {http://dx.doi.org.ezproxy.lib.utexas.edu/10.1080/03605302.2012.741176},
}

@article {Sc.hamjac,
    AUTHOR = {Schwab, Russell W.},
     TITLE = {Stochastic homogenization of {H}amilton-{J}acobi equations in
              stationary ergodic spatio-temporal media},
   JOURNAL = {Indiana Univ. Math. J.},
  FJOURNAL = {Indiana University Mathematics Journal},
    VOLUME = {58},
      YEAR = {2009},
    NUMBER = {2},
     PAGES = {537--581},
      ISSN = {0022-2518},
   MRCLASS = {35B27 (35F25 60F99)},
  MRNUMBER = {2514380},
       DOI = {10.1512/iumj.2009.58.3455},
       URL = {https://doi-org.ezproxy.lib.utexas.edu/10.1512/iumj.2009.58.3455},
}

@article {Ba.hamjac,
	AUTHOR = {Barles, G.},
	TITLE = {A short proof of the {$C^{0,\alpha}$}-regularity of viscosity subsolutions for superquadratic viscous {H}amilton-{J}acobi equations and applications},
	JOURNAL = {Nonlinear Anal.},
	FJOURNAL = {Nonlinear Analysis. Theory, Methods \& Applications. An International Multidisciplinary Journal. Series A: Theory and Methods},
	VOLUME = {73},
	YEAR = {2010},
	NUMBER = {1},
	PAGES = {31--47},
	ISSN = {0362-546X},
	MRCLASS = {35F21 (35D40 49L25 49N60)},
	MRNUMBER = {2645829},
	MRREVIEWER = {Caterina Sartori},
	DOI = {10.1016/j.na.2010.02.009},
	URL = {http://dx.doi.org/10.1016/j.na.2010.02.009},
}

@article {DoLePo,
	AUTHOR = {Dolcetta, I. C. and Leoni, F. and Porretta, A.},
	TITLE = {H\"older estimates for degenerate elliptic equations with coercive {H}amiltonians},
	JOURNAL = {Trans. Amer. Math. Soc.},
	FJOURNAL = {Transactions of the American Mathematical Society},
	VOLUME = {362},
	YEAR = {2010},
	NUMBER = {9},
	PAGES = {4511--4536},
	ISSN = {0002-9947},
	MRCLASS = {35J70 (35B65 35D40)},
	MRNUMBER = {2645039},
	MRREVIEWER = {Jorge Garc\~A-a-Meli\~A!`n},
	DOI = {10.1090/S0002-9947-10-04807-5},
	URL = {http://dx.doi.org/10.1090/S0002-9947-10-04807-5},
}

@article {LaLi.nonlinear,
	AUTHOR = {Lasry, J.-M. and Lions, P.-L.},
	TITLE = {Nonlinear elliptic equations with singular boundary conditions and stochastic control with state constraints. {I}. {T}he model problem},
	JOURNAL = {Math. Ann.},
	FJOURNAL = {Mathematische Annalen},
	VOLUME = {283},
	YEAR = {1989},
	NUMBER = {4},
	PAGES = {583--630},
	ISSN = {0025-5831},
	MRCLASS = {35J60 (49A60 93E20)},
	MRNUMBER = {990591},
	MRREVIEWER = {Jose Luis Menaldi},
	DOI = {10.1007/BF01442856},
	URL = {http://dx.doi.org/10.1007/BF01442856},
}

@incollection {Ba.viscosity,
	AUTHOR = {Barles, G.},
	TITLE = {An introduction to the theory of viscosity solutions for first-order {H}amilton-{J}acobi equations and applications},
	BOOKTITLE = {Hamilton-{J}acobi equations: approximations, numerical analysis and applications},
	SERIES = {Lecture Notes in Math.},
	VOLUME = {2074},
	PAGES = {49--109},
	PUBLISHER = {Springer, Heidelberg},
	YEAR = {2013},
	MRCLASS = {35F21 (35D40 49L25)},
	MRNUMBER = {3135340},
	DOI = {10.1007/978-3-642-36433-4_2},
	URL = {http://dx.doi.org/10.1007/978-3-642-36433-4_2},
}

@article {CaKoNi,
    AUTHOR = {Caffarelli, L. and Kohn, R. and Nirenberg, L.},
     TITLE = {Partial regularity of suitable weak solutions of the {N}avier-{S}tokes equations},
   JOURNAL = {Comm. Pure Appl. Math.},
  FJOURNAL = {Communications on Pure and Applied Mathematics},
    VOLUME = {35},
      YEAR = {1982},
    NUMBER = {6},
     PAGES = {771--831},
      ISSN = {0010-3640},
   MRCLASS = {35Q10 (76D05)},
  MRNUMBER = {673830},
MRREVIEWER = {Tai Ping Liu},
       DOI = {10.1002/cpa.3160350604},
       URL = {https://doi-org.ezproxy.lib.utexas.edu:2444/10.1002/cpa.3160350604},
}


%------------------------------------------------
%------------------------------------------------
%------------------------------------------------

@article {Go,
    AUTHOR = {Goodman, Jonathan},
     TITLE = {Nonlinear asymptotic stability of viscous shock profiles for
              conservation laws},
   JOURNAL = {Arch. Rational Mech. Anal.},
  FJOURNAL = {Archive for Rational Mechanics and Analysis},
    VOLUME = {95},
      YEAR = {1986},
    NUMBER = {4},
     PAGES = {325--344},
      ISSN = {0003-9527},
   MRCLASS = {35L65 (76L05)},
  MRNUMBER = {853782},
MRREVIEWER = {V. A. Galkin},
       DOI = {10.1007/BF00276840},
       URL = {https://doi-org.ezproxy.lib.utexas.edu/10.1007/BF00276840},
}

@article {GuMeWiZu,
    AUTHOR = {Gu\`es, Olivier and M\'{e}tivier, Guy and Williams, Mark and Zumbrun, Kevin},
     TITLE = {Multidimensional viscous shocks. {I}. {D}egenerate symmetrizers and long time stability},
   JOURNAL = {J. Amer. Math. Soc.},
  FJOURNAL = {Journal of the American Mathematical Society},
    VOLUME = {18},
      YEAR = {2005},
    NUMBER = {1},
     PAGES = {61--120},
      ISSN = {0894-0347},
   MRCLASS = {35L67 (35B35 35L60 76L05)},
  MRNUMBER = {2114817},
MRREVIEWER = {Marta Lewicka},
       DOI = {10.1090/S0894-0347-04-00470-9},
       URL = {https://doi.org/10.1090/S0894-0347-04-00470-9},
}

@article {Di,
    AUTHOR = {DiPerna, R. J.},
     TITLE = {Uniqueness of solutions to hyperbolic conservation laws},
   JOURNAL = {Indiana Univ. Math. J.},
  FJOURNAL = {Indiana University Mathematics Journal},
    VOLUME = {28},
      YEAR = {1979},
    NUMBER = {1},
     PAGES = {137--188},
      ISSN = {0022-2518},
   MRCLASS = {35L65},
  MRNUMBER = {523630},
MRREVIEWER = {V. \v{D}urikovi\v{c}},
       DOI = {10.1512/iumj.1979.28.28011},
       URL = {https://doi.org/10.1512/iumj.1979.28.28011},
}

@article {AdGhVG,
    AUTHOR = {Adimurthi and Ghoshal, Shyam Sundar and Veerappa Gowda, G. D.},
     TITLE = {{$L^p$} stability for entropy solutions of scalar conservation laws with strict convex flux},
   JOURNAL = {J. Differential Equations},
  FJOURNAL = {Journal of Differential Equations},
    VOLUME = {256},
      YEAR = {2014},
    NUMBER = {10},
     PAGES = {3395--3416},
      ISSN = {0022-0396},
   MRCLASS = {35L65 (35B35 35B65 35F21 35L67)},
  MRNUMBER = {3177900},
MRREVIEWER = {Massimo Cicognani},
       DOI = {10.1016/j.jde.2014.02.005},
       URL = {https://doi-org.ezproxy.lib.utexas.edu/10.1016/j.jde.2014.02.005},
}

@article {BrLiYa,
	AUTHOR = {Bressan, Alberto and Liu, Tai-Ping and Yang, Tong},
	TITLE = {{$L^1$} stability estimates for {$n\times n$} conservation laws},
	JOURNAL = {Arch. Ration. Mech. Anal.},
	FJOURNAL = {Archive for Rational Mechanics and Analysis},
	VOLUME = {149},
	YEAR = {1999},
	NUMBER = {1},
	PAGES = {1--22},
	ISSN = {0003-9527},
	MRCLASS = {35L65 (35B35 35B45)},
	MRNUMBER = {1723032},
	DOI = {10.1007/s002050050165},
	URL = {https://doi-org.ezproxy.lib.utexas.edu/10.1007/s002050050165},
}

@incollection {Va.recent,
    AUTHOR = {Vasseur, Alexis F.},
     TITLE = {Recent results on hydrodynamic limits},
 BOOKTITLE = {Handbook of differential equations: evolutionary equations. {V}ol. {IV}},
    SERIES = {Handb. Differ. Equ.},
     PAGES = {323--376},
 PUBLISHER = {Elsevier/North-Holland, Amsterdam},
      YEAR = {2008},
   MRCLASS = {76D05 (35Q35 76A02 82C40)},
  MRNUMBER = {2508169},
MRREVIEWER = {J\"{u}rgen Socolowsky},
       DOI = {10.1016/S1874-5717(08)00007-8},
       URL = {https://doi-org.ezproxy.lib.utexas.edu/10.1016/S1874-5717(08)00007-8},
}

@incollection {Va.entropy,
    AUTHOR = {Vasseur, Alexis F.},
     TITLE = {Relative entropy and contraction for extremal shocks of conservation laws up to a shift},
 BOOKTITLE = {Recent advances in partial differential equations and applications},
    SERIES = {Contemp. Math.},
    VOLUME = {666},
     PAGES = {385--404},
 PUBLISHER = {Amer. Math. Soc., Providence, RI},
      YEAR = {2016},
   MRCLASS = {35L65 (35B35 35B40 35L67)},
  MRNUMBER = {3537479},
MRREVIEWER = {J\"{o}rg M. H\"{a}rterich},
       DOI = {10.1090/conm/666/13296},
       URL = {https://doi-org.ezproxy.lib.utexas.edu/10.1090/conm/666/13296},
}

@book {Se, 
	place={Cambridge}, 
	title={Systems of Conservation Laws 1: Hyperbolicity, Entropies, Shock Waves}, 
	DOI={10.1017/CBO9780511612374}, 
	publisher={Cambridge University Press}, 
	author={Serre, Denis}, 
	editor={Sneddon, I. N.Translator}, 
	year={1999}
}


%----------------------------------------------------------------------
%----------------------------------------------------------------------

@article {Mo.dg,
	AUTHOR = {Moser, J\"{u}rgen},
	TITLE = {A new proof of {D}e {G}iorgi's theorem concerning the regularity problem for elliptic differential equations},
	JOURNAL = {Comm. Pure Appl. Math.},
	FJOURNAL = {Communications on Pure and Applied Mathematics},
	VOLUME = {13},
	YEAR = {1960},
	PAGES = {457--468},
	ISSN = {0010-3640},
	MRCLASS = {35.42},
	MRNUMBER = {170091},
	MRREVIEWER = {G. L. Tautz},
	DOI = {10.1002/cpa.3160130308},
	URL = {https://doi-org.ezproxy.lib.utexas.edu/10.1002/cpa.3160130308},
}

@article {Na.dg,
	AUTHOR = {Nash, J.},
	TITLE = {Continuity of solutions of parabolic and elliptic equations},
	JOURNAL = {Amer. J. Math.},
	FJOURNAL = {American Journal of Mathematics},
	VOLUME = {80},
	YEAR = {1958},
	PAGES = {931--954},
	ISSN = {0002-9327},
	MRCLASS = {35.00},
	MRNUMBER = {100158},
	MRREVIEWER = {C. B. Morrey, Jr.},
	DOI = {10.2307/2372841},
	URL = {https://doi-org.ezproxy.lib.utexas.edu/10.2307/2372841},
}

@misc{Gu.quantitative,
    title={Quantitative regularity for parabolic {D}e {G}iorgi classes},
    author={Guerand, Jessica},
    year={2020},
    eprint={02069086v2},
    archivePrefix={hal},
    primaryClass={math.AP}
}